@article{tesspredict,
   author = {{Ricker}, G.~R. and {Winn}, J.~N. and {Vanderspek}, R. and {Latham}, D.~W. and 
	{Bakos}, G.~{\'A}. and {Bean}, J.~L. and {Berta-Thompson}, Z.~K. and 
	{Brown}, T.~M. and {Buchhave}, L. and {Butler}, N.~R. and {Butler}, R.~P. and 
	{Chaplin}, W.~J. and {Charbonneau}, D. and {Christensen-Dalsgaard}, J. and 
	{Clampin}, M. and {Deming}, D. and {Doty}, J. and {De Lee}, N. and 
	{Dressing}, C. and {Dunham}, E.~W. and {Endl}, M. and {Fressin}, F. and 
	{Ge}, J. and {Henning}, T. and {Holman}, M.~J. and {Howard}, A.~W. and 
	{Ida}, S. and {Jenkins}, J. and {Jernigan}, G. and {Johnson}, J.~A. and 
	{Kaltenegger}, L. and {Kawai}, N. and {Kjeldsen}, H. and {Laughlin}, G. and 
	{Levine}, A.~M. and {Lin}, D. and {Lissauer}, J.~J. and {MacQueen}, P. and 
	{Marcy}, G. and {McCullough}, P.~R. and {Morton}, T.~D. and 
	{Narita}, N. and {Paegert}, M. and {Palle}, E. and {Pepe}, F. and 
	{Pepper}, J. and {Quirrenbach}, A. and {Rinehart}, S.~A. and 
	{Sasselov}, D. and {Sato}, B. and {Seager}, S. and {Sozzetti}, A. and 
	{Stassun}, K.~G. and {Sullivan}, P. and {Szentgyorgyi}, A. and 
	{Torres}, G. and {Udry}, S. and {Villasenor}, J.},
    title = "{Transiting Exoplanet Survey Satellite (TESS)}",
booktitle = {Space Telescopes and Instrumentation 2014: Optical, Infrared, and Millimeter Wave},
     year = 2014,
   volume = 9143,
archivePrefix = "arXiv",
   eprint = {1406.0151},
 primaryClass = "astro-ph.EP",
    month = aug,
      eid = {914320},
    pages = {914320},
      doi = {10.1117/12.2063489},
   adsurl = {http://adsabs.harvard.edu/abs/2014SPIE.9143E..20R},
  adsnote = {Provided by the SAO/NASA Astrophysics Data System}
}

@article{nexoplanets,
   author = "Woo, M.",
   title = "{Planets Abound}",
   url = "http://www.caltech.edu/content/planets-abound",
   year = "2013",
   address = "Pasadena, California"
}

@article{wolf17,
   author = "Wolf, E.~T.",
    title = "Assessing the Habitability of the TRAPPIST-1 System Using a 3D Climate Model",
  journal = "Astrophysical Journal Letters",
archivePrefix = "arXiv",
   eprint = {1703.05815},
 primaryClass = "astro-ph.EP",
 keywords = {astrobiology, planets and satellites: atmospheres, planets and satellites: terrestrial planets},
     year = "2017",
    month = apr,
   volume = 839,
      eid = {L1},
    pages = {L1},
      doi = {10.3847/2041-8213/aa693a},
   adsurl = {http://adsabs.harvard.edu/abs/2017ApJ...839L...1W},
  adsnote = {Provided by the SAO/NASA Astrophysics Data System}
}

@ARTICLE{trappist1,
   author = {{Grimm}, S.~L. and {Demory}, B.-O. and {Gillon}, M. and {Dorn}, C. and 
	{Agol}, E. and {Burdanov}, A. and {Delrez}, L. and {Sestovic}, M. and 
	{Triaud}, A.~H.~M.~J. and {Turbet}, M. and {Bolmont}, {\'E}. and 
	{Caldas}, A. and {Wit}, J.~d. and {Jehin}, E. and {Leconte}, J. and 
	{Raymond}, S.~N. and {Grootel}, V.~V. and {Burgasser}, A.~J. and 
	{Carey}, S. and {Fabrycky}, D. and {Heng}, K. and {Hernandez}, D.~M. and 
	{Ingalls}, J.~G. and {Lederer}, S. and {Selsis}, F. and {Queloz}, D.
	},
    title = "{The nature of the TRAPPIST-1 exoplanets}",
  journal = "AAP",
archivePrefix = "arXiv",
   eprint = {1802.01377},
 primaryClass = "astro-ph.EP",
 keywords = {methods: numerical, planets and satellites: detection, planets and satellites: individual: TRAPPIST-1},
     year = 2018,
    month = jun,
   volume = 613,
      eid = {A68},
    pages = {A68},
      doi = {10.1051/0004-6361/201732233},
   adsurl = {http://adsabs.harvard.edu/abs/2018A%26A...613A..68G},
  adsnote = {Provided by the SAO/NASA Astrophysics Data System}
}

@ARTICLE{kollabbot,
   author = {{Koll}, D.~D.~B. and {Abbot}, D.~S.},
    title = "{Deciphering Thermal Phase Curves of Dry, Tidally Locked Terrestrial Planets}",
  journal = {Astrophysical Journal},
archivePrefix = "arXiv",
   eprint = {1412.8216},
 primaryClass = "astro-ph.EP",
 keywords = {hydrodynamics, planets and satellites: atmospheres, planets and satellites: terrestrial planets, techniques: photometric },
     year = 2015,
    month = mar,
   volume = 802,
      eid = {21},
    pages = {21},
      doi = {10.1088/0004-637X/802/1/21},
   adsurl = {http://adsabs.harvard.edu/abs/2015ApJ...802...21K},
  adsnote = {Provided by the SAO/NASA Astrophysics Data System}
}

@article{kopparapu17,
author = {kumar Kopparapu, Ravi and Wolf, Eric and Arney, Giada and E. Batalha, Natasha and Haqq-Misra, Jacob and L. Grimm, Simon and Heng, Kevin},
year = {2017},
month = {05},
pages = {},
title = {Habitable Moist Atmospheres On Terrestrial Planets Near the Inner Edge Of the Habitable Zone Around M-dwarfs},
volume = {845},
booktitle = {The Astrophysical Journal}
}

@ARTICLE{biosignatures,
   author = {{Krissansen-Totton}, J. and {Garland}, R. and {Irwin}, P. and 
	{Catling}, D.~C.},
    title = "{Detectability of Biosignatures in Anoxic Atmospheres with the James Webb Space Telescope: A TRAPPIST-1e Case Study}",
  journal = {AJ},
archivePrefix = "arXiv",
   eprint = {1808.08377},
 primaryClass = "astro-ph.EP",
 keywords = {astrobiology, planets and satellites: atmospheres, planets and satellites: terrestrial planets, stars: individual: TRAPPIST-1 },
     year = 2018,
    month = sep,
   volume = 156,
      eid = {114},
    pages = {114},
      doi = {10.3847/1538-3881/aad564},
   adsurl = {http://adsabs.harvard.edu/abs/2018AJ....156..114K},
  adsnote = {Provided by the SAO/NASA Astrophysics Data System}
}

@ARTICLE{reconaissance,
   author = {{de Wit}, J. and {Wakeford}, H.~R. and {Lewis}, N.~K. and {Delrez}, L. and 
	{Gillon}, M. and {Selsis}, F. and {Leconte}, J. and {Demory}, B.-O. and 
	{Bolmont}, E. and {Bourrier}, V. and {Burgasser}, A.~J. and 
	{Grimm}, S. and {Jehin}, E. and {Lederer}, S.~M. and {Owen}, J.~E. and 
	{Stamenkovi{\'c}}, V. and {Triaud}, A.~H.~M.~J.},
    title = "{Atmospheric reconnaissance of the habitable-zone Earth-sized planets orbiting TRAPPIST-1}",
  journal = {Nature Astronomy},
archivePrefix = "arXiv",
   eprint = {1802.02250},
 primaryClass = "astro-ph.EP",
     year = 2018,
    month = mar,
   volume = 2,
    pages = {214-219},
      doi = {10.1038/s41550-017-0374-z},
   adsurl = {http://adsabs.harvard.edu/abs/2018NatAs...2..214D},
  adsnote = {Provided by the SAO/NASA Astrophysics Data System}
}

@inproceedings{wolfposter,
   author = {{Wolf}, E.~T. and {Gatlin}, D. and {Kopparapu}, R.~K. and {Haqq-Misra}, J. and
    {Villanueva}, G.},
   title = "TRAPPIST-1 e: 3D Climate Modeling and Derived Observational Signals",
   year = "2017"
}

@ARTICLE{2017ApJ...839L...1W,
   author = {{Wolf}, E.~T.},
    title = "{Assessing the Habitability of the TRAPPIST-1 System Using a 3D Climate Model}",
  journal = {Astrophysical Journal Letters},
archivePrefix = "arXiv",
   eprint = {1703.05815},
 primaryClass = "astro-ph.EP",
 keywords = {astrobiology, planets and satellites: atmospheres, planets and satellites: terrestrial planets},
     year = 2017,
    month = apr,
   volume = 839,
      eid = {L1},
    pages = {L1},
      doi = {10.3847/2041-8213/aa693a},
   adsurl = {http://adsabs.harvard.edu/abs/2017ApJ...839L...1W},
  adsnote = {Provided by the SAO/NASA Astrophysics Data System}
}

@ARTICLE{2017ApJ...837..107W,
   author = {{Wolf}, E.~T. and {Shields}, A.~L. and {Kopparapu}, R.~K. and 
	{Haqq-Misra}, J. and {Toon}, O.~B.},
    title = "{Constraints on Climate and Habitability for Earth-like Exoplanets Determined from a General Circulation Model}",
  journal = {Astrophysical Journal},
archivePrefix = "arXiv",
   eprint = {1702.03315},
 primaryClass = "astro-ph.EP",
 keywords = {astrobiology, planets and satellites: atmospheres, planets and satellites: terrestrial planets},
     year = 2017,
    month = mar,
   volume = 837,
      eid = {107},
    pages = {107},
      doi = {10.3847/1538-4357/aa5ffc},
   adsurl = {http://adsabs.harvard.edu/abs/2017ApJ...837..107W},
  adsnote = {Provided by the SAO/NASA Astrophysics Data System}
}
